<record><leader>00000cas a22000007a 4500</leader><controlfield tag="001">23844433</controlfield><controlfield tag="008">910528d18691872nyuwr ne      0    0eng d</controlfield><datafield ind1=" " ind2=" " tag="010"><subfield code="a">sn 91066292 </subfield></datafield><datafield ind1=" " ind2=" " tag="040"><subfield code="a">NYS</subfield><subfield code="b">eng</subfield><subfield code="c">NYS</subfield><subfield code="d">OCLCQ</subfield></datafield><datafield ind1=" " ind2=" " tag="042"><subfield code="a">msc</subfield></datafield><datafield ind1="0" ind2="0" tag="245"><subfield code="a">Cortland weekly journal.</subfield></datafield><datafield ind1=" " ind2=" " tag="260"><subfield code="a">Cortland, N.Y. :</subfield><subfield code="b">Wm. H. Livermore</subfield></datafield><datafield ind1=" " ind2=" " tag="300"><subfield code="a">v. ;</subfield><subfield code="c">71 cm.</subfield></datafield><datafield ind1=" " ind2=" " tag="310"><subfield code="a">Weekly</subfield></datafield><datafield ind1="1" ind2=" " tag="362"><subfield code="a">Began in 1869? Ceased in 1872?</subfield></datafield><datafield ind1=" " ind2=" " tag="588"><subfield code="a">Description based on: Vol. 2, no. 14 (Aug. 25, 1870).</subfield></datafield><datafield ind1=" " ind2="4" tag="651"><subfield code="a">Cortland (N.Y.)</subfield><subfield code="v">Newspapers.</subfield></datafield><datafield ind1=" " ind2=" " tag="752"><subfield code="a">United States</subfield><subfield code="b">New York</subfield><subfield code="c">Cortland</subfield><subfield code="d">Cortland.</subfield></datafield><datafield ind1="0" ind2="0" tag="780"><subfield code="t">Gazette and banner (Cortland, N.Y.)</subfield><subfield code="w">(DLC)sn 91066246</subfield><subfield code="w">(OCoLC)23663874</subfield></datafield><datafield ind1="0" ind2="7" tag="785"><subfield code="t">Cortland County standard</subfield><subfield code="w">(DLC)sn 91066112</subfield></datafield><datafield ind1="0" ind2="7" tag="785"><subfield code="t">Cortland standard and journal</subfield><subfield code="w">(DLC)sn 83031285</subfield></datafield><datafield ind1="1" ind2=" " tag="029"><subfield code="a">AU@</subfield><subfield code="b">000025906473</subfield></datafield></record>